@ARTICLE{Shn92,
	AUTHOR = {Shneiderman, B.},
	TITLE = {Tree Visualization With Tree-maps: 2-D Space-filling Approach},
	JOURNAL = {ACM Transactions on Graphics},
	VOLUME = {11},	
    NUMBER = {1},
	YEAR = {1992},	
    PAGES = {92-99},
    DOI= {10.1.1.29.1549}
  }

@ARTICLE{LB11,
	AUTHOR = {Lars Linsen and Sabine Behrendt},
	TITLE = {Linked treemap: a 3D treemap-nodelink layout for visualizing hierarchical structures},
	JOURNAL = {Computational Statistics},
	VOLUME = {26},	
    NUMBER = {4},
	YEAR = {2011},	
    PAGES = {679-697},
    DOI= {10.1007/s00180-011-0272-2}
  }

@article{BSW10,
  author    = {Mark de Berg and Bettina Speckmann and Vincent van der Weele},
  title     = {Treemaps with Bounded Aspect Ratio},
  journal   = {Proc. of the 22nd Int. Conf. on Algorithms and Computation},
  year      = {2011},
  pages     = {260-270},
  doi = {10.1007/978-3-642-25591-5\_28}
}

@article{VWL06,
    author = {Roel Vliegen and Jarke J. van Wijk and Erik-Jan van der Linden},
    title = {Visualizing Business Data with Generalized Treemaps},
    journal ={TVCG},
    volume = {12},
    issue = {5},
    issn = {1077-2626},
    year = {2006},
    pages = {789-796},
    doi = {http://doi.ieeecomputersociety.org/10.1109/TVCG.2006.200},
    publisher = {IEEE}
}

@article{TS08,
  author = {Tu, Ying and Shen, Han-Wei},
  title = {Balloon Focus: a Seamless Multi-Focus+Context Method for Treemaps},
  journal = {TVCG},
  number = {6},
  pages = {1157-1164},
  volume = {14},
  year = {2008}
}

@ARTICLE{BGS12,
	AUTHOR = {de Bono, B. and Grenon, P. and S.J. Sammut},
	TITLE = {ApiNATOMY: A novel toolkit for visualizing multiscale anatomy schematics with phenotype-related information},
	JOURNAL = {Hum Mutat},
	VOLUME = {33},	
    NUMBER = {5},
	YEAR = {2012},	
    PAGES = {837--848},
    DOI= {10.1002/humu.22065}
  }

@INPROCEEDINGS{BKP+12,
  AUTHOR =       {B. de Bono and P. Kasteleyn and D. Potikanond and N. Kokash and F. Verbeek and P. Grenon},
  TITLE =        {Tissue Motifs and Multi-scale Transport Physiology},
  BOOKTITLE =    {Workshop of Ontologies in Biomedicine and Life Sciences},
  YEAR =         {2012}
}

@article{BSW02,
    author = {Bederson, Benjamin B. and Shneiderman, Ben and Wattenberg, Martin},
    title = {Ordered and Quantum Treemaps: Making Effective Use of 2D Space to Display Hierarchies},
    journal = {ACM Trans. Graph.},
    volume = {21},
    number = {4},
    year = {2002},
    pages = {833--854},
    doi = {10.1145/571647.571649},
    publisher = {ACM}
}

@INPROCEEDINGS{BHW99,
    author = {Mark Bruls and Kees Huizing and Jarke van Wijk},
    title = {Squarified Treemaps},
    booktitle = {Proc. of the Joint Eurographics and IEEE TCVG Symposium on Visualization},
    year = {2000},
    pages = {33--42},
    publisher = {IEEE}
}

@inproceedings{JS91,
     author = {Johnson, Brian and Shneiderman, Ben},
     title = {Tree-Maps: a space-filling approach to the visualization of hierarchical information structures},
     booktitle = {Proc. of the 2nd Conference on Visualization '91},
     year = {1991},
     pages = {284--291},
     publisher = {IEEE},
     doi = {10.1109/32.52777}
}

@article{WD08,
    author = {Jo Wood and Jason Dykes},
    title = {Spatially Ordered Treemaps},
    journal ={TVCG},
    volume = {14},
    issue={6},
    issn = {1077-2626},
    year = {2008},
    pages = {1348-1355},
    doi = {http://doi.ieeecomputersociety.org/10.1109/TVCG.2008.165},
    publisher = {IEEE}
}

@inproceedings{SW01,
    author = {Ben Shneiderman and Martin Wattenberg},
    title = {Ordered Treemap Layouts},
    booktitle = {Proc of InfoVis'01},
    year = {2001},
    pages = {73-78},
    publisher = {IEEE}
}

@inproceedings{BD05,
    author = {Balzer, M. and Deussen, O.},
    title = {Voronoi Treemaps},
    booktitle = {Proc of InfoVis'05},
    year = {2005},
    pages = {49-56},
    doi = {10.1109/INFOVIS.2005.40},
    publisher = {IEEE}
}

@ARTICLE{BL07,
    author = {R. Blanch and E. Lecolinet},
    title = {Browsing Zoomable Treemaps: Structure-Aware Multi-Scale Navigation Techniques},
    journal = {TVCG},
    year = {2007},
    volume={13},
    issue={6},
    pages = {1248--1253}
}

@MISC{Wet07,
    author = {K. Wetzel},
    title = {Pebbles - Using Circular Treemaps to Visualize Disk Usage},
    howpublished = {Web document},
    year = {2006},
    url = {http://lip.sourceforge.net/ctreemap.html},
    timestamp = {2006-05-03T22:46:16},
}

@MISC{Shn09,
  author = {Shneiderman, Ben},
  title = {Treemaps for space-constrained visualization of hierarchies},
  howpublished = {Web document},
  timestamp = {2009-11-15T21:03:55},
  url = {http://www.cs.umd.edu/hcil/treemap-history/index.shtml},
  year = {2009}
}

@INPROCEEDINGS{FFM12a,
	author = {Fischer, Fabian and Fuchs, Johannes and Mansmann, Florian},
	booktitle = {EuroVis 2012 Short Papers)},
	pages = {97-101},
	title = {ClockMap: Enhancing Circular Treemaps with Temporal Glyphs for Time-Series Data},
	year = {2012}
}

@inproceedings{WJW99,
 author = {Van Wijk, Jarke J. and van de Wetering, Huub},
 title = {Cushion Treemaps: Visualization of Hierarchical Information},
 booktitle = {Proc. of the InforVis'99},
 year = {1999},
 pages = {73-78},
 publisher = {IEEE}
}

@inproceedings{BEL+11,
  author    = {K. Buchin and
               D. Eppstein and
               M. L{\"o}ffler and
               M. N{\"o}llenburg and
               R. I. Silveira},
  title     = {Adjacency-Preserving Spatial Treemaps},
  booktitle = {Proc. of WADS},
  year      = {2011},
  pages     = {159-170}
}

@article{TTT09,
  author    = {Vassilis Tsiaras and
               Sofia Triantafilou and
               Ioannis G. Tollis},
  title     = {DAGmaps: Space Filling Visualization of Directed Acyclic
               Graphs},
  journal   = {J. Graph Algorithms Appl.},
  volume    = {13},
  number    = {3},
  year      = {2009},
  pages     = {319-347}
}

@article{TT12a,
   author = {Vassilis Tsiaras, Ioannis G. Tollis},
   title = {DAGmaps and epsilon-Visibility Representations for DAGs: Algorithms and Characterizations},
   journal = {Journal of Graph Algortihms and Applications},
   year = {2012},
   volume = {16},
   number = {2},
   pages = {359--380},
   doi = {10.7155/jgaa.00262}
}

@inproceedings{MB08,
  title = {Z3: An Efficient {SMT} Solver},
  author = {Leonardo Mendonça de Moura and Nikolaj Bjørner},
  year = {2008},
  doi = {http://dx.doi.org/10.1007/978-3-540-78800-3_24},
  pages = {337-340},
  booktitle = {Proc. of the 14th Int. Conf. on Tools and Algorithms for the Construction and Analysis of Systems (TACAS 2008)},
  volume = {4963},
  series = {LNCS},
  publisher = {Springer}
}

@TECHREPORT{CXM+02,
  author = {Li-Qun Chen and Xing Xie and Wei-Ying Ma and HongJiang Zhang and He-Qin Zhou and Huanqing Feng},
  title = {DRESS: A Slicing Tree Based Web Page Representation for Various Display Sizes.},
  INSTITUTION =  {Microsoft Research Asia},
  YEAR =         {2002},
  type =         {Technical report},
  number =       {MSR-TR-2002-126}
}

@inproceedings{LW01,
 author = {Lai, M. and Wong, D.},
 title = {Slicing tree is a complete floorplan representation},
 booktitle = {Proc. of the Conf. on Design, Automation and Test in Europe (DATE'01)},
 year = {2001},
 pages = {228--232},
 publisher = {IEEE}
}

@inproceedings{Wat05,
 author = {M. Wattenberg},
 title = {A note on space-filling visualizations and space-filling curves},
 booktitle = {Proc. of InfoVis'05},
 year = {2005},
 pages = {181--186},
 publisher = {IEEE}
}

@article{Tc13,
 author = {Tak and Cockburn},
 title = {Enhanced Spatial Stability with Hilbert and Moore treemaps},
 journal = {TVCG},
 year = {2013},
 volume = {19},
 issue = {1},
 pages = {141--148},
 publisher = {IEEE}
}

@inproceedings{CHL+03,
 author = {Christoph Csallner and Marcus Handte and Othmar Lehmann and John T. Stasko},
 title = {Fund{E}xplorer: Supporting the Diversification of Mutual Fund Portfolios Using Context Treemaps},
 booktitle = {Proc. of InfoVis'03},
 year = {2003},
 pages = {203--208},
 publisher = {IEEE}
}

@article{KHA+10,
 author = {Nicholas Kong and Jeffrey Heer and Maneesh Agrawala},
 title = {Perceptual Guidelines for Creating Rectangular Treemaps},
 journal = {TVCG},
 year = {2010},
 volume = {16},
 issue = {6},
 pages = {990--998},
 publisher = {IEEE}
}

%IDA 2014

@article{KHL+07,
 author = {Katifori, Akrivi and Halatsis, Constantin and Lepouras, George and Vassilakis, Costas and Giannopoulou, Eugenia},
 title = {Ontology Visualization Methods\&Mdash;a Survey},
 journal = {ACM Comput. Surv.},
 volume = {39},
 number = {4},
 year = {2007},
 doi = {10.1145/1287620.1287621},
 publisher = {ACM}
}

@inproceedings{KBK14,
 author = {N. Kokash, de Bono B., Kok J.},
 title = {Template-based treemaps to preserve spatial constraints},
 booktitle = {Proc. IVAPP 2014},
 year = {2014}
}

%Connectivity data visualization

@inproceedings{BD06,
 author = {M.Burch, S.Diehl},
 title = {Trees in a Treemap: Visualizing multiple Hierarchies},
 booktitle = {Proc. VDA 2006},
 year = {2006}
}

@article{Hol06,
author = {Danny Holten},
title = {Hierarchical Edge Bundles: Visualization of Adjacency Relations in Hierarchical Data},
journal ={IEEE Transactions on Visualization and Computer Graphics},
volume = {12},
number = {5},
issn = {1077-2626},
year = {2006},
pages = {741-748},
doi = {http://doi.ieeecomputersociety.org/10.1109/TVCG.2006.147},
publisher = {IEEE Computer Society},
address = {Los Alamitos, CA, USA},
}

@article{HW09,
  author    = {Danny Holten and
               Jarke J. van Wijk},
  title     = {Force-Directed Edge Bundling for Graph Visualization},
  journal   = {Comput. Graph. Forum},
  volume    = {28},
  number    = {3},
  year      = {2009},
  pages     = {983-990},
  ee        = {http://dx.doi.org/10.1111/j.1467-8659.2009.01450.x},
  bibsource = {DBLP, http://dblp.uni-trier.de}
}

%
